<?xml version="1.0" encoding="UTF-8"?>
<collection xmlns:xsi="http://www.w3.org/2001/XMLSchema-instance" xsi:schemaLocation="http://www.loc.gov/MARC21/slim http://www.loc.gov/standards/marcxml/schema/MARC21slim.xsd" xmlns="http://www.loc.gov/MARC21/slim">
<record>
  <leader>00744cam a2200217M  4500</leader>
  <controlfield tag="001">3068404</controlfield>
  <controlfield tag="003">NNC</controlfield>
  <controlfield tag="005">20150920222918.0</controlfield>
  <controlfield tag="008">870507m19321939ua            000 0 arard</controlfield>
  <datafield tag="035" ind1=" " ind2=" ">
    <subfield code="a">(OCoLC)ocm23515654</subfield>
  </datafield>
  <datafield tag="035" ind1=" " ind2=" ">
    <subfield code="9">ATP0857CU</subfield>
  </datafield>
  <datafield tag="035" ind1=" " ind2=" ">
    <subfield code="a">(NNC)3068404</subfield>
  </datafield>
  <datafield tag="040" ind1=" " ind2=" ">
    <subfield code="a">EYM</subfield>
    <subfield code="c">EYM</subfield>
    <subfield code="d">ZCU</subfield>
  </datafield>
  <datafield tag="050" ind1=" " ind2="4">
    <subfield code="a">D199.I13</subfield>
    <subfield code="b">K32 1932</subfield>
  </datafield>
  <datafield tag="099" ind1=" " ind2=" ">
    <subfield code="a">893.712</subfield>
    <subfield code="a">Ab91</subfield>
  </datafield>
  <datafield tag="100" ind1="1" ind2=" ">
    <subfield code="a">Ibn Kathīr, Ismāʻīl ibn ʻUmar,</subfield>
    <subfield code="d">approximately 1301-1373.</subfield>
  </datafield>
  <datafield tag="245" ind1="1" ind2="3">
    <subfield code="a">al-Bidāyah wa-al-nihāyah fī al-tārīkh,</subfield>
    <subfield code="c">li-ʻImād al-Dīn Abī al-Fidā ̓Ismāʻīl bin ʻUmar bin Kathīr al-Qurashī al-Dimashqī.</subfield>
  </datafield>
  <datafield tag="260" ind1=" " ind2=" ">
    <subfield code="a">Miṣr,</subfield>
    <subfield code="b">Maṭbaʻat [al-Saʻādah,</subfield>
    <subfield code="c">1932-1939.]</subfield>
  </datafield>
  <datafield tag="300" ind1=" " ind2=" ">
    <subfield code="a">14 v. in 7.</subfield>
  </datafield>
  <datafield tag="651" ind1=" " ind2="0">
    <subfield code="a">Islamic Empire</subfield>
    <subfield code="x">History.</subfield>
  </datafield>
  <datafield tag="955" ind1=" " ind2=" ">
    <subfield code="b">0315333116</subfield>
    <subfield code="d">glx</subfield>
    <subfield code="e">893.712 Ab91</subfield>
    <subfield code="v">v.13-14</subfield>
  </datafield>
</record>
</collection>